@book{russell-norvig-aima,
 author = {Russell, Stuart J. and Norvig, Peter},
 title = {Artificial Intelligence: A Modern Approach},
 year = {2003},
 isbn = {0137903952},
 edition = {2},
 publisher = {Pearson Education},
} 

@misc{python-doc,
    author = {\verb|Python Team|},
    title = {Python Language Reference v. 2.7.11},
    howpublished = {\url{https://docs.python.org/2/reference/}},
}

@misc{sympy-doc,
    author = {\verb|SymPy Team|},
    title = {SymPy 1.0 Documentation},
    howpublished = {\url{http://docs.sympy.org/latest/index.html}},
}

@phdthesis{expert-systems-in-diagnosis,
 author = {Smith, David Ernest},
 title = {Expert Systems for Medical Diagnosis: A Study in Technology Transfer},
 year = {1989},
 note = {AAI9015675},
 publisher = {United States International University},
 address = {San Diego, CA, USA},
} 

@book{handbook-mushroom-poison,
    author = {Barry H. Rumack and David G. Spoerke},
    title = {Handbook of Mushroom Poisoning: Diagnosis and Treatment},
    year = {1994},
    publisher = {CRC Press},
}

